@inproceedings{DBLP:conf/icse/MorinFB15,
  author    = {Brice Morin and
               Franck Fleurey and
               Olivier Barais},
  title     = {Taming Heterogeneity and Distribution in sCPS},
  booktitle = {1st {IEEE/ACM} International Workshop on Software Engineering for
               Smart Cyber-Physical Systems, SEsCPS 2015, Florence, Italy, May 17,
               2015},
  pages     = {40--43},
  year      = {2015},
  crossref  = {DBLP:conf/icse/2015sescps},
  url       = {http://dx.doi.org/10.1109/SEsCPS.2015.15},
  doi       = {10.1109/SEsCPS.2015.15},
  timestamp = {Fri, 06 Nov 2015 12:38:19 +0100},
  biburl    = {http://dblp.uni-trier.de/rec/bib/conf/icse/MorinFB15},
  bibsource = {dblp computer science bibliography, http://dblp.org}
}
@proceedings{DBLP:conf/icse/2015sescps,
  editor    = {Tom{\'{a}}s Bures and
               Danny Weyns and
               Mark Klein and
               Rodolfo E. Haber},
  title     = {1st {IEEE/ACM} International Workshop on Software Engineering for
               Smart Cyber-Physical Systems, SEsCPS 2015, Florence, Italy, May 17,
               2015},
  publisher = {{IEEE}},
  year      = {2015},
  url       = {http://ieeexplore.ieee.org/xpl/mostRecentIssue.jsp?punumber=7173534},
  isbn      = {978-1-4673-7088-2},
  timestamp = {Fri, 06 Nov 2015 12:38:19 +0100},
  biburl    = {http://dblp.uni-trier.de/rec/bib/conf/icse/2015sescps},
  bibsource = {dblp computer science bibliography, http://dblp.org}
}
